@misc{Programa,
  title={{V}isualizador de {S}uperficies},
  author={Fernández de la Higuera, Norberto},
  howpublished={\url{https://github.com/norbertoalfa/TFG}},
  month={},
  year={},
  note={Repositorio de GitHub del proyecto donde se encuentra la implementación del programa. Accedido el 30 de agosto de 2021.}
}
@misc{SchLantern,
  title={{S}chwarz {L}antern},
  author={Eppstein, David},
  howpublished={\url{https://en.wikipedia.org/wiki/Schwarz_lantern}},
  month={},
  year={},
  note={Recurso online en el que se explica e ilustra el problema del Farolillo de Schwarz. Accedido el 28 de agosto de 2021.}
}
@misc{KhronosWiki,
  title={{K}hronos {W}iki},
  author={},
  howpublished={\url{https://www.khronos.org/opengl/wiki/}},
  month={},
  year={},
  note={Toda la información referente a OpenGL. Accedido el 28 de agosto de 2021.}
}
@misc{LearnOGL,
  title={{L}earn {O}penGL},
  author={de Vries, Joey},
  howpublished={\url{https://learnopengl.com/}},
  month={},
  year={},
  note={Ejemplos de uso de shaders, especialmente el Geometry shader. Accedido el 28 de agosto de 2021.}
}
@misc{DearImGui,
  title={{D}ear {I}mGui},
  author={Cornut, Aymar},
  howpublished={\url{https://github.com/ocornut/imgui}},
  month={},
  year={},
  note={Repositorio oficial de la librería ``Dear ImGui'', con la que se ha implementado la interfaz del programa. Accedido el 28 de agosto de 2021.}
}
@misc{LVector,
  title={{I}mGui {Q}uat},
  author={Morrone, Michele},
  howpublished={\url{https://github.com/BrutPitt/imGuIZMO.quat}},
  month={},
  year={},
  note={Complemento de la interfaz para visualizar el vector de dirección de la luz. Accedido el 28 de agosto de 2021.}
}
@misc{Dialog,
  title={{I}mGui {D}ialog},
  author={Aiekick},
  howpublished={\url{https://github.com/aiekick/ImGuiFileDialog/tree/7b96209e5e96caff9cfeaf3e67dc7cb7d686ae74}},
  month={},
  year={},
  note={Complemento de la interfaz para visualizar un explorador de archivos y así elegir un fichero de parametrización. Accedido el 28 de agosto de 2021.}
}
@misc{Wolfram,
  title={{G}aussian {C}urvature},
  author={},
  howpublished={\url{https://mathworld.wolfram.com/GaussianCurvature.html}},
  month={},
  year={},
  note={Obtención de una fórmula (10) que indica el cálculo de la curvatura de Gauss K fácilmente usable en el ámbito informático. Accedido el 28 de agosto de 2021.}
}

@article {arXiv:1312.3518,
    AUTHOR = {Hatcher, Allen},
     TITLE = {{T}he {K}irby {T}orus {T}rick for {S}urfaces.},
      NOTE = {Artículo principal, en el que se demuestran 2 resultados cuyo colorario directo es el teorema central del proyecto.},
   JOURNAL = {arXiv.org},
      YEAR = {2013},
       URL = {https://arxiv.org/abs/1312.3518},
}
@article {MorseTh1,
    AUTHOR = {Champanerkar, Abhijit},
    AUTHOR = {Kumar, Ajit},
    AUTHOR = {Kumaresan, S.},
     TITLE = {{C}lassification of {S}urfaces via {M}orse {T}heory.},
      NOTE = {Conceptos interesantes de la teoría de Morse, centrado generalmente en funciones diferenciables, salvo algún resultado en específico.},
   JOURNAL = {Expositiones Mathematicae},
    VOLUME = {18},
      YEAR = {2000},
    NUMBER = {1},
}
@article {MorseTh2,
    AUTHOR = {Chhim, Rithivong},
     TITLE = {{M}orse {T}heory and {A}pplications.},
      NOTE = {Material complementario de la teoría de Morse, con el objetivo de encontrar resultados que trabajen con difeomorfismos.},
   JOURNAL = {CIMAT},
      YEAR = {2017},
}
@article {Historical,
    AUTHOR = {Manolescu, Ciprian},
     TITLE = {{T}riangulations of {M}anifolds.},
      NOTE = {Información relevante sobre el trayecto histórico de la triangulación de variedades, en concreto, la obtención de estructuras diferenciables.},
   JOURNAL = {Notices of the International Congress of Chinese Mathematicians},
    VOLUME = {2},
      YEAR = {2014},
    NUMBER = {2},
     PAGES = {21--23},
}
@article {Munkres,
    AUTHOR = {Munkres, James},
     TITLE = {{O}bstructions to {I}mposing {D}ifferentiable {S}tructures.},
      NOTE = {Demostración del teorema aportada por Munkres, aunque cita su previa demostración por S. S. Cairns haciendo uso del teorema de triangualción de E. E. Moise, para el caso sin borde.},
   JOURNAL = {Illinois J. Math.},
    VOLUME = {8},
      YEAR = {1964},
    NUMBER = {3},
     PAGES = {361--376},
	DOI = {10.1215/ijm/1256059559},
}
@article {Triangulacion,
    AUTHOR = {Vélez C., Juan Guillermo},
     TITLE = {{I}ntroducción {A}l {E}studio {D}e {L}as {E}structuras {G}eométricas.},
      NOTE = {Nociones básicas de las estructuras geométricas, principalmente la definición de triangulación diferenciable.},
   JOURNAL = {Universidad de Los Andes},
      YEAR = {2007},
     PAGES = {40--41},
}
